
    <zs:record>
      <zs:recordSchema/>
      <zs:recordPacking>xml</zs:recordPacking>
      <zs:recordData>
        <record xmlns="http://www.loc.gov/MARC21/slim">
          <leader>03563cam a22003131  4500</leader>
          <controlfield tag="001">9382368</controlfield>
          <controlfield tag="005">20150302133154.0</controlfield>
          <controlfield tag="008">720504s1963    nyu           000 0 eng  </controlfield>
          <datafield tag="035" ind1=" " ind2=" ">
            <subfield code="9">(DLC)   63015180</subfield>
          </datafield>
          <datafield tag="906" ind1=" " ind2=" ">
            <subfield code="a">7</subfield>
            <subfield code="b">cbc</subfield>
            <subfield code="c">oclcrpl</subfield>
            <subfield code="d">u</subfield>
            <subfield code="e">ncip</subfield>
            <subfield code="f">19</subfield>
            <subfield code="g">y-gencatlg</subfield>
          </datafield>
          <datafield tag="010" ind1=" " ind2=" ">
            <subfield code="a">   63015180 </subfield>
          </datafield>
          <datafield tag="035" ind1=" " ind2=" ">
            <subfield code="a">(OCoLC)300897</subfield>
          </datafield>
          <datafield tag="040" ind1=" " ind2=" ">
            <subfield code="a">DLC</subfield>
            <subfield code="c">OYU</subfield>
            <subfield code="d">OCoLC</subfield>
            <subfield code="d">PBfG</subfield>
            <subfield code="d">DLC</subfield>
          </datafield>
          <datafield tag="050" ind1="0" ind2="0">
            <subfield code="a">PR1260</subfield>
            <subfield code="b">.Y6 1963</subfield>
          </datafield>
          <datafield tag="130" ind1="0" ind2=" ">
            <subfield code="a">York plays.</subfield>
          </datafield>
          <datafield tag="245" ind1="0" ind2="0">
            <subfield code="a">York plays;</subfield>
            <subfield code="b">the plays performed by the crafts or mysteries of York, on the day of Corpus Christi in the 14th, 15th, and 16th centuries.</subfield>
            <subfield code="c">Edited with introd. and glossary by Lucy Toulmin Smith.</subfield>
          </datafield>
          <datafield tag="260" ind1=" " ind2=" ">
            <subfield code="a">New York,</subfield>
            <subfield code="b">Russell &amp; Russell,</subfield>
            <subfield code="c">1963.</subfield>
          </datafield>
          <datafield tag="300" ind1=" " ind2=" ">
            <subfield code="a">557 p. ;</subfield>
            <subfield code="b">facsims., music. ;</subfield>
            <subfield code="c">22 cm.</subfield>
          </datafield>
          <datafield tag="500" ind1=" " ind2=" ">
            <subfield code="a">First published 1885 from ms. 137 in the library of Lord Ashburnham.</subfield>
          </datafield>
          <datafield tag="500" ind1=" " ind2=" ">
            <subfield code="a">Edition limited to 500 copies.</subfield>
          </datafield>
          <datafield tag="504" ind1=" " ind2=" ">
            <subfield code="a">Bibliographical references included in Introduction.</subfield>
          </datafield>
          <datafield tag="505" ind1="0" ind2=" ">
            <subfield code="a">The creation, Fall of Lucifer / The Barkers -- The creation to the fifth day / Playsterers -- God creates Adam and Eve / Cardmakers -- Adam and Eve in the Garden of Eden / Fullers -- Man's disobedience and Fall / Cowpers - Adam and Eve driven from Eden / Armourers - Sacrificium Cayme et Abell / Gloveres -- Building of the ark / Shipwrites -- Noah and the flood / Fysshers and Marynars -- Abraham's sacrifice / Parchmyners and Bokebynders -- The Israelites in Egypt, the ten plagues, and passage of the Red Sea / The Hoseers -- Annunciation, and visit of Elizabeth to Mary / Spicers -- Joseph's trouble about Mary / Pewtereres and Foundours -- Journey to Bethlehem; Birth of Jesus / Tille-thekers -- The angels and the shepherds / Chaundelers -- Coming of the three kings to Herod / Masonns -- Coming of the three kings, the adoration / Goldsmyths --</subfield>
          </datafield>
          <datafield tag="505" ind1="0" ind2=" ">
            <subfield code="a">Flight into Egypt / Marchallis -- Massacre of the innocents / Gyrdillers and Naylers -- Christ with the doctors in the temple / Sporiers and Lorimers -- Baptism of Jesus / Barbours -- Temptation of Jesus / Smythis -- The Transfiguration / Coriours -- Woman taken in adultery. Raising of Lazarous / Cappemakers -- Entry into Jerusalem / Skynners -- Conspiracy to take Jesus / Cutteierers -- The Last Supper / Baxteres -- The agony and betrayal / Cordewaners -- Peter denies Jesus: Jesus examined by Caiaphas / Bowers and Flecchers -- Dream of Pilate's wife: Jesus before Pilate / Tapiteres and Couchers -- Trial before Herod / Lytsteres -- Second accusation before Pilate: Remorse of Judas: Purchase of Field of Blood / Cokis and Waterlederes -- Second trial continued: Judgment on Jesus / Tyllemakers -- Christ led up to Calvary / Shermen.</subfield>
          </datafield>
          <datafield tag="505" ind1="0" ind2=" ">
            <subfield code="a">Crucifixio Christi / Pynneres and Paynters -- Mortificacio Christi / Bocheres -- Harrowing of Hell / Sadilleres -- Resurrection: Fright of the Jews / Carpenteres -- Jesus appears to Mary Magdalene after the resurrection / Wyne-drawers -- Travellers to Emmaus / The sledmen -- Purification of Mary: Simeon and Anna prophesy / Hatmakers, Masons and laborers -- Incredulity of Thomas / Escreueneres -- The Ascension / Tailoures -- Descent of the Holy Spirit / Potteres -- The death of Mary / Draperes -- Appearance of our Lady to Thomas / Wefferes -- Assumption and coronation of the virgin / Osteleres -- The Judgment Day / Merceres -- Coronation of our Lady / Inholders.</subfield>
          </datafield>
          <datafield tag="650" ind1=" " ind2="0">
            <subfield code="a">Mysteries and miracle-plays, English.</subfield>
          </datafield>
          <datafield tag="650" ind1=" " ind2="0">
            <subfield code="a">English drama</subfield>
            <subfield code="y">To 1500.</subfield>
          </datafield>
          <datafield tag="700" ind1="1" ind2=" ">
            <subfield code="a">Smith, Lucy Toulmin,</subfield>
            <subfield code="d">1838-1911,</subfield>
            <subfield code="e">ed.</subfield>
          </datafield>
          <datafield tag="985" ind1=" " ind2=" ">
            <subfield code="e">OCLC REPLACEMENT</subfield>
          </datafield>
          <datafield tag="991" ind1=" " ind2=" ">
            <subfield code="b">c-GenColl</subfield>
            <subfield code="h">PR1260</subfield>
            <subfield code="i">.Y6 1863</subfield>
            <subfield code="p">00009441712</subfield>
            <subfield code="t">Copy 1</subfield>
            <subfield code="w">OCLCREP</subfield>
          </datafield>
        </record>
      </zs:recordData>
      <zs:recordPosition>5</zs:recordPosition>
    </zs:record>