
    <zs:record>
      <zs:recordSchema/>
      <zs:recordPacking>xml</zs:recordPacking>
      <zs:recordData>
        <record xmlns="http://www.loc.gov/MARC21/slim">
          <leader>01213cam a22002891  4500</leader>
          <controlfield tag="001">7726892</controlfield>
          <controlfield tag="005">20080411143404.0</controlfield>
          <controlfield tag="008">751204s1889    enkfa         000 0 eng  </controlfield>
          <datafield tag="035" ind1=" " ind2=" ">
            <subfield code="9">(DLC)   02021361</subfield>
          </datafield>
          <datafield tag="906" ind1=" " ind2=" ">
            <subfield code="a">7</subfield>
            <subfield code="b">cbc</subfield>
            <subfield code="c">oclcrpl</subfield>
            <subfield code="d">u</subfield>
            <subfield code="e">ncip</subfield>
            <subfield code="f">19</subfield>
            <subfield code="g">y-gencatlg</subfield>
          </datafield>
          <datafield tag="010" ind1=" " ind2=" ">
            <subfield code="a">   02021361 </subfield>
          </datafield>
          <datafield tag="035" ind1=" " ind2=" ">
            <subfield code="a">(OCoLC)1875466</subfield>
          </datafield>
          <datafield tag="040" ind1=" " ind2=" ">
            <subfield code="a">DLC</subfield>
            <subfield code="c">FT</subfield>
            <subfield code="d">OCoLC</subfield>
            <subfield code="d">DLC</subfield>
          </datafield>
          <datafield tag="041" ind1="1" ind2=" ">
            <subfield code="a">engfre</subfield>
          </datafield>
          <datafield tag="050" ind1="0" ind2="0">
            <subfield code="a">DA185</subfield>
            <subfield code="b">.J9 1889a</subfield>
          </datafield>
          <datafield tag="100" ind1="1" ind2=" ">
            <subfield code="a">Jusserand, J. J.</subfield>
            <subfield code="q">(Jean Jules),</subfield>
            <subfield code="d">1855-1932.</subfield>
          </datafield>
          <datafield tag="245" ind1="1" ind2="0">
            <subfield code="a">English wayfaring life in the middle ages</subfield>
            <subfield code="b">(xivth century)</subfield>
            <subfield code="c">by J. J. Jusserand ... tr. from the French by Lucy Toulmin Smith.</subfield>
          </datafield>
          <datafield tag="260" ind1=" " ind2=" ">
            <subfield code="a">London,</subfield>
            <subfield code="b">T. F. Unwin,</subfield>
            <subfield code="c">1889.</subfield>
          </datafield>
          <datafield tag="300" ind1=" " ind2=" ">
            <subfield code="a">451 p. [1] p.</subfield>
            <subfield code="b">incl. front., illus., plates.</subfield>
            <subfield code="c">22 cm.</subfield>
          </datafield>
          <datafield tag="500" ind1=" " ind2=" ">
            <subfield code="a">"The author has profited by the occasion afforded him by this translation to revise the text of his book (which appeared in 1884), and to add about a fourth of new matter."--Pref.</subfield>
          </datafield>
          <datafield tag="651" ind1=" " ind2="0">
            <subfield code="a">England</subfield>
            <subfield code="x">Social life and customs</subfield>
            <subfield code="y">1066-1485.</subfield>
          </datafield>
          <datafield tag="650" ind1=" " ind2="0">
            <subfield code="a">Wayfaring life</subfield>
            <subfield code="z">Great Britain.</subfield>
          </datafield>
          <datafield tag="650" ind1=" " ind2="0">
            <subfield code="a">Travel, Medieval.</subfield>
          </datafield>
          <datafield tag="650" ind1=" " ind2="0">
            <subfield code="a">Pilgrims and pilgrimages.</subfield>
          </datafield>
          <datafield tag="700" ind1="1" ind2=" ">
            <subfield code="a">Smith, Lucy Toulmin,</subfield>
            <subfield code="d">1838-1911,</subfield>
            <subfield code="e">tr.</subfield>
          </datafield>
          <datafield tag="985" ind1=" " ind2=" ">
            <subfield code="e">OCLC REPLACEMENT</subfield>
          </datafield>
          <datafield tag="991" ind1=" " ind2=" ">
            <subfield code="b">c-GenColl</subfield>
            <subfield code="h">PA185</subfield>
            <subfield code="i">.J9 1889</subfield>
            <subfield code="t">Copy 1</subfield>
            <subfield code="w">OCLCREP</subfield>
          </datafield>
        </record>
      </zs:recordData>
      <zs:recordPosition>11</zs:recordPosition>
    </zs:record>