
    <zs:record>
      <zs:recordSchema/>
      <zs:recordPacking>xml</zs:recordPacking>
      <zs:recordData>
        <record xmlns="http://www.loc.gov/MARC21/slim">
          <leader>01232cam a22002653u 4500</leader>
          <controlfield tag="001">22384866</controlfield>
          <controlfield tag="005">20220114230040.0</controlfield>
          <controlfield tag="008">220114s1889    nyu           000 0 eng  </controlfield>
          <datafield tag="906" ind1=" " ind2=" ">
            <subfield code="a">7</subfield>
            <subfield code="b">cbc</subfield>
            <subfield code="c">premunv</subfield>
            <subfield code="d">u</subfield>
            <subfield code="e">ncip</subfield>
            <subfield code="f">20</subfield>
            <subfield code="g">y-genrareb</subfield>
          </datafield>
          <datafield tag="010" ind1=" " ind2=" ">
            <subfield code="a">  2021770877</subfield>
          </datafield>
          <datafield tag="040" ind1=" " ind2=" ">
            <subfield code="a">DLC</subfield>
            <subfield code="b">eng</subfield>
            <subfield code="c">DLC</subfield>
            <subfield code="d">DLC</subfield>
          </datafield>
          <datafield tag="100" ind1="1" ind2=" ">
            <subfield code="a">Jusserand, J. J.</subfield>
            <subfield code="q">(Jean Jules),</subfield>
            <subfield code="d">1855-1932.</subfield>
          </datafield>
          <datafield tag="245" ind1="1" ind2="0">
            <subfield code="a">English wayfaring life in the middle ages</subfield>
            <subfield code="b">(xivth century)</subfield>
            <subfield code="c">by J. J. Jusserand ... tr. from the French by Lucy Toulmin Smith.</subfield>
          </datafield>
          <datafield tag="260" ind1=" " ind2=" ">
            <subfield code="a">New York and London:</subfield>
            <subfield code="b">G. P. Putnam's sons,</subfield>
            <subfield code="c">1889.</subfield>
          </datafield>
          <datafield tag="300" ind1=" " ind2=" ">
            <subfield code="a">451 p. [1] p.</subfield>
            <subfield code="b">incl. front., illus., plates.</subfield>
            <subfield code="c">22 cm.</subfield>
          </datafield>
          <datafield tag="500" ind1=" " ind2=" ">
            <subfield code="a">"The author has profited by the occasion afforded him by this translation to revise the text of his book (which appeared in 1884), and to add about a fourth of new matter."--Pref.</subfield>
          </datafield>
          <datafield tag="651" ind1=" " ind2="0">
            <subfield code="a">England</subfield>
            <subfield code="x">Social life and customs</subfield>
            <subfield code="y">1066-1485.</subfield>
          </datafield>
          <datafield tag="650" ind1=" " ind2="0">
            <subfield code="a">Wayfaring life</subfield>
            <subfield code="z">Great Britain.</subfield>
          </datafield>
          <datafield tag="650" ind1=" " ind2="0">
            <subfield code="a">Travel, Medieval.</subfield>
          </datafield>
          <datafield tag="650" ind1=" " ind2="0">
            <subfield code="a">Pilgrims and pilgrimages.</subfield>
          </datafield>
          <datafield tag="700" ind1="1" ind2=" ">
            <subfield code="a">Smith, Lucy Toulmin,</subfield>
            <subfield code="d">1838-1911,</subfield>
            <subfield code="e">tr.</subfield>
          </datafield>
          <datafield tag="710" ind1="2" ind2=" ">
            <subfield code="a">Woodrow Wilson Collection (Library of Congress)</subfield>
            <subfield code="5">DLC</subfield>
          </datafield>
          <datafield tag="952" ind1=" " ind2=" ">
            <subfield code="a">LAC ael 2022-01-14 create (1 card)</subfield>
          </datafield>
          <datafield tag="985" ind1=" " ind2=" ">
            <subfield code="a">rblacfederal</subfield>
            <subfield code="d">20220114</subfield>
          </datafield>
          <datafield tag="987" ind1=" " ind2=" ">
            <subfield code="b">RBSCDRECON</subfield>
            <subfield code="c">20220114</subfield>
            <subfield code="d">r</subfield>
            <subfield code="f">DUPLICATES</subfield>
          </datafield>
        </record>
      </zs:recordData>
      <zs:recordPosition>12</zs:recordPosition>
    </zs:record>