
    <zs:record>
      <zs:recordSchema/>
      <zs:recordPacking>xml</zs:recordPacking>
      <zs:recordData>
        <record xmlns="http://www.loc.gov/MARC21/slim">
          <leader>01546cam a22003011  4500</leader>
          <controlfield tag="001">9618002</controlfield>
          <controlfield tag="005">20000110123049.0</controlfield>
          <controlfield tag="008">770404m19071910enk           000 0 eng  </controlfield>
          <datafield tag="035" ind1=" " ind2=" ">
            <subfield code="9">(DLC)   07025493</subfield>
          </datafield>
          <datafield tag="906" ind1=" " ind2=" ">
            <subfield code="a">7</subfield>
            <subfield code="b">cbc</subfield>
            <subfield code="c">oclcrpl</subfield>
            <subfield code="d">u</subfield>
            <subfield code="e">ncip</subfield>
            <subfield code="f">19</subfield>
            <subfield code="g">y-gencatlg</subfield>
          </datafield>
          <datafield tag="010" ind1=" " ind2=" ">
            <subfield code="a">   07025493 </subfield>
          </datafield>
          <datafield tag="035" ind1=" " ind2=" ">
            <subfield code="a">(OCoLC)2858987</subfield>
          </datafield>
          <datafield tag="040" ind1=" " ind2=" ">
            <subfield code="a">DLC</subfield>
            <subfield code="c">MNS</subfield>
            <subfield code="d">MNS</subfield>
            <subfield code="d">DLC</subfield>
          </datafield>
          <datafield tag="050" ind1="0" ind2="0">
            <subfield code="a">DA610</subfield>
            <subfield code="b">.L4</subfield>
          </datafield>
          <datafield tag="100" ind1="1" ind2=" ">
            <subfield code="a">Leland, John,</subfield>
            <subfield code="d">1506?-1552.</subfield>
          </datafield>
          <datafield tag="245" ind1="1" ind2="4">
            <subfield code="a">The itinerary of John Leland in or about the years 1535-1543,</subfield>
            <subfield code="b">parts I to [XI]</subfield>
            <subfield code="c">Ed. by Lucy Toulmin Smith.</subfield>
          </datafield>
          <datafield tag="260" ind1=" " ind2=" ">
            <subfield code="a">London,</subfield>
            <subfield code="b">G. Bell,</subfield>
            <subfield code="c">1907-10.</subfield>
          </datafield>
          <datafield tag="300" ind1=" " ind2=" ">
            <subfield code="a">5 v.</subfield>
            <subfield code="b">port. , 9 fold. maps.</subfield>
            <subfield code="c">24 cm.</subfield>
          </datafield>
          <datafield tag="500" ind1=" " ind2=" ">
            <subfield code="a">Half-title of v. 1-2 and 4-5: Leland's Itinerary in England and Wales. Half-title of v. 3, which is part 6: Leland's Itinerary in Wales.</subfield>
          </datafield>
          <datafield tag="500" ind1=" " ind2=" ">
            <subfield code="a">"Comparative table of the MSS. and editions": v. 1, p. [xxxvi]</subfield>
          </datafield>
          <datafield tag="504" ind1=" " ind2=" ">
            <subfield code="a">Bibliographical footnotes.</subfield>
          </datafield>
          <datafield tag="505" ind1="0" ind2=" ">
            <subfield code="a">[v. 1] Parts 1 to 3.  1907.--[v. 2] Parts 4 and 5.  1908.--[v. 3][Part 6] Itinerary in Wales, extracted from his MSS. arranged and edited ... 1906.--[v. 4] Parts 7 and 8, with appendices including extracts from Leland's Collectanea.  1909.--[v. 5] Parts 9 to 11, with two appendices, a glossary, and general index.  1910.</subfield>
          </datafield>
          <datafield tag="651" ind1=" " ind2="0">
            <subfield code="a">Great Britain</subfield>
            <subfield code="x">Antiquities</subfield>
            <subfield code="x">Early works to 1800.</subfield>
          </datafield>
          <datafield tag="651" ind1=" " ind2="0">
            <subfield code="a">Great Britain</subfield>
            <subfield code="x">Description and travel</subfield>
            <subfield code="x">Early works to 1800.</subfield>
          </datafield>
          <datafield tag="700" ind1="1" ind2=" ">
            <subfield code="a">Smith, Lucy Toulmin,</subfield>
            <subfield code="d">1838-1911,</subfield>
            <subfield code="e">ed.</subfield>
          </datafield>
          <datafield tag="740" ind1="0" ind2=" ">
            <subfield code="a">Itinerary in England and Wales.</subfield>
          </datafield>
          <datafield tag="985" ind1=" " ind2=" ">
            <subfield code="e">OCLC REPLACEMENT</subfield>
          </datafield>
          <datafield tag="991" ind1=" " ind2=" ">
            <subfield code="b">c-GenColl</subfield>
            <subfield code="h">DA610</subfield>
            <subfield code="i">.L4</subfield>
            <subfield code="t">Copy 1</subfield>
            <subfield code="w">OCLCREP</subfield>
          </datafield>
        </record>
      </zs:recordData>
      <zs:recordPosition>15</zs:recordPosition>
    </zs:record>